@misc{camel:description,
  organization = {{Apache Software Foundation}},
  author       = {{Apache Camel}},
  title        = {What is Camel?},
  url          = {https://camel.apache.org/manual/faq/what-is-camel.html},
  note         = {Accessed: 31.10.2024},
}

@misc{hystrix:readme,
  author       = {{Netflix}},
  title        = {Hystrix},
  url          = {https://github.com/Netflix/Hystrix?tab=readme-ov-file#hystrix-status},
  note         = {Accessed: 01.11.2024},
}
